@article{feller2025peptide,
  title={Peptide-aware chemical language model successfully predicts membrane diffusion of cyclic peptides},
  author={Feller, Aaron L and Wilke, Claus O},
  journal={Journal of Chemical Information and Modeling},
  volume={65},
  number={2},
  pages={571-579},
  year={2025},
  publisher={ACS Publications}
}

@article{duffy2011cyclops,
  title={CycloPs: generating virtual libraries of cyclized and constrained peptides including nonnatural amino acids},
  author={Duffy, Fergal J and Verniere, M{\'e}lanie and Devocelle, Marc and Bernard, Elise and Shields, Denis C and Chubb, Anthony J},
  journal={Journal of chemical information and modeling},
  volume={51},
  number={4},
  pages={829--836},
  year={2011},
  publisher={ACS Publications}
}

@article{gfeller2012swisssidechain,
  title={SwissSidechain: a molecular and structural database of non-natural sidechains},
  author={Gfeller, David and Michielin, Olivier and Zoete, Vincent},
  journal={Nucleic acids research},
  volume={41},
  number={D1},
  pages={D327--D332},
  year={2012},
  publisher={Oxford University Press}
}

@misc{ChemAxon,
  title={ChemAxon},
  howpublished={\url{https://www.chemaxon.com}},
  year={2025}
}

@article{o2011open,
  title={Open Babel: An open chemical toolbox},
  author={O'Boyle, Noel M and Banck, Michael and James, Craig A and Morley, Chris and Vandermeersch, Tim and Hutchison, Geoffrey R},
  journal={Journal of cheminformatics},
  volume={3},
  pages={1--14},
  year={2011},
  publisher={Springer}
}

@misc{landrum2013rdkit,
  title={RDKit: A software suite for cheminformatics, computational chemistry, and predictive modeling},
  author={Landrum, Greg},
  howpublished={\url{https://www.rdkit.org}},
  year={2025}
}

@misc{OEChem,
  author={OpenEye, Cadence Molecular Sciences},
  title={OEChem},
  howpublished={\url{https://www.eyesopen.com}},
  year={2025}
}

@article{ochoa2023pypept,
  title={pyPept: a python library to generate atomistic 2D and 3D representations of peptides},
  author={Ochoa, Rodrigo and Brown, JB and Fox, Thomas},
  journal={Journal of Cheminformatics},
  volume={15},
  number={1},
  pages={79},
  year={2023},
  publisher={Springer}
}

@article{ochoa2025pepfunn,
  title={PepFuNN: Novo Nordisk Open-Source Toolkit to Enable Peptide in Silico Analysis},
  author={Ochoa, Rodrigo and Deibler, Kristine},
  journal={Journal of Peptide Science},
  volume={31},
  number={2},
  pages={e3666},
  year={2025},
  publisher={Wiley Online Library}
}

@software{p2smi,
  author={Aaron L. Feller},
  title={p2smi: Peptide FASTA-to-SMILES Conversion and Molecular Property Tools},
  version={1.1.0},
  date={2025-03-21},
  url={https://github.com/AaronFeller/p2smi},
}

@article{cock2009biopython,
  title={Biopython: freely available Python tools for computational molecular biology and bioinformatics},
  author={Cock, Peter JA and Antao, Tiago and Chang, Jeffrey T and Chapman, Brad A and Cox, Cymon J and Dalke, Andrew and Friedberg, Iddo and Hamelryck, Thomas and Kauff, Frank and Wilczynski, Bartek and de Hoon, MJL},
  journal={Bioinformatics},
  volume={25},
  number={11},
  pages={1422},
  year={2009}
}

@article{tien2013peptidebuilder,
  title={PeptideBuilder: A simple Python library to generate model peptides},
  author={Tien, Matthew Z and Sydykova, Dariya K and Meyer, Austin G and Wilke, Claus O},
  journal={PeerJ},
  volume={1},
  pages={e80},
  year={2013},
  publisher={PeerJ Inc.}
}

@article{yang2025cyclicpeptide,
  title={cyclicpeptide: a Python package for cyclic peptide drug design},
  author={Yang, Liu and Cao, Suqi and Liu, Lei and Zhu, Ruixin and Wu, Dingfeng},
  journal={Briefings in Bioinformatics},
  volume={26},
  number={1},
  pages={bbae714},
  year={2025},
  publisher={Oxford University Press}
}
